<record><leader>00000cas a2200000 a 4500</leader><controlfield tag="001">17331197</controlfield><controlfield tag="008">880111d19uu19uuwauwr ne      0    0eng d</controlfield><datafield ind1=" " ind2=" " tag="010"><subfield code="a">sn 88085124 </subfield></datafield><datafield ind1=" " ind2=" " tag="040"><subfield code="a">SLZ</subfield><subfield code="b">eng</subfield><subfield code="c">SLZ</subfield><subfield code="d">OCL</subfield><subfield code="d">OCLCQ</subfield><subfield code="d">OCLCF</subfield><subfield code="d">OCLCO</subfield></datafield><datafield ind1="1" ind2=" " tag="029"><subfield code="a">AU@</subfield><subfield code="b">000025810626</subfield></datafield><datafield ind1=" " ind2=" " tag="042"><subfield code="a">msc</subfield></datafield><datafield ind1=" " ind2=" " tag="043"><subfield code="a">n-us-wa</subfield></datafield><datafield ind1="0" ind2="4" tag="245"><subfield code="a">The Pend Oreille County news record.</subfield></datafield><datafield ind1=" " ind2=" " tag="260"><subfield code="a">Ione, Wash. :</subfield><subfield code="b">F.E. Chitty</subfield></datafield><datafield ind1=" " ind2=" " tag="300"><subfield code="a">v.</subfield></datafield><datafield ind1=" " ind2=" " tag="310"><subfield code="a">Weekly</subfield></datafield><datafield ind1=" " ind2=" " tag="580"><subfield code="a">Merger of: Ione news; Ione record; and, Metaline Falls news.</subfield></datafield><datafield ind1=" " ind2=" " tag="588"><subfield code="a">Description based on: Vol. 6, no. 49 (Feb. 16, 1917).</subfield></datafield><datafield ind1=" " ind2="0" tag="651"><subfield code="a">Ione (Wash.)</subfield><subfield code="v">Newspapers.</subfield></datafield><datafield ind1=" " ind2="7" tag="655"><subfield code="a">Newspapers.</subfield><subfield code="2">fast</subfield><subfield code="0">(OCoLC)fst01423814</subfield></datafield><datafield ind1=" " ind2="7" tag="651"><subfield code="a">Washington (State)</subfield><subfield code="z">Ione.</subfield><subfield code="2">fast</subfield><subfield code="0">(OCoLC)fst01252516</subfield></datafield><datafield ind1=" " ind2=" " tag="752"><subfield code="a">United States</subfield><subfield code="b">Washington</subfield><subfield code="c">Pend Oreille</subfield><subfield code="d">Ione.</subfield></datafield><datafield ind1="1" ind2="4" tag="780"><subfield code="t">Ione news</subfield><subfield code="w">(DLC)sn 88085123</subfield></datafield><datafield ind1="1" ind2="4" tag="780"><subfield code="t">Ione record</subfield><subfield code="w">(DLC)sn 88085125</subfield></datafield><datafield ind1="1" ind2="4" tag="780"><subfield code="t">Metaline Falls news</subfield><subfield code="w">(DLC)sn 88085122</subfield></datafield></record>